<?xml version="1.0" encoding="UTF-8"?><collection xmlns="http://www.loc.gov/MARC21/slim"><record><leader>00357nam--2200145-i-4500</leader><controlfield tag="001">000023958</controlfield><controlfield tag="002">20161230</controlfield><controlfield tag="005">20161230201035</controlfield><controlfield tag="008">060222s1000------------r-----000-0-eng-d</controlfield><datafield ind1=" " ind2=" " tag="080"><subfield code="a">535.33</subfield></datafield><datafield ind1=" " ind2=" " tag="100"><subfield code="a">Ghilders, Donald G</subfield></datafield><datafield ind1=" " ind2=" " tag="245"><subfield code="a">Modern spectrum analysis</subfield></datafield><datafield ind1=" " ind2=" " tag="260"><subfield code="a">New York, Ieee Dress, 1978, Vi+334p</subfield></datafield><datafield ind1=" " ind2=" " tag="700"><subfield code="a">Ghilders, Donald G</subfield></datafield><datafield ind1=" " ind2=" " tag="852"><subfield code="a">48247</subfield></datafield></record></collection>